<record><leader>00000cas a2200000 a 4500</leader><controlfield tag="001">31299460</controlfield><controlfield tag="008">941017d19531967nyuwr ne      0    0eng c</controlfield><datafield ind1=" " ind2=" " tag="010"><subfield code="a">sn 94061035 </subfield></datafield><datafield ind1=" " ind2=" " tag="040"><subfield code="a">NYS</subfield><subfield code="b">eng</subfield><subfield code="c">NYS</subfield><subfield code="d">OCLCQ</subfield><subfield code="d">NYS</subfield><subfield code="d">OCLCQ</subfield><subfield code="d">OCLCF</subfield><subfield code="d">OCLCO</subfield></datafield><datafield ind1="1" ind2=" " tag="029"><subfield code="a">AU@</subfield><subfield code="b">000011427681</subfield></datafield><datafield ind1=" " ind2=" " tag="042"><subfield code="a">pcc</subfield></datafield><datafield ind1=" " ind2=" " tag="043"><subfield code="a">n-us-ny</subfield></datafield><datafield ind1="0" ind2="4" tag="245"><subfield code="a">The Wantagh citizen.</subfield></datafield><datafield ind1="1" ind2="7" tag="246"><subfield code="a">Wantagh citizen and southeaster</subfield><subfield code="f">Aug. 8-Oct. 24, 1957</subfield></datafield><datafield ind1="1" ind2="3" tag="246"><subfield code="a">Wantagh citizen at the gateway to Jones Beach</subfield></datafield><datafield ind1=" " ind2=" " tag="260"><subfield code="a">Wantagh, N.Y. :</subfield><subfield code="b">Wantagh Citizen Pub. Co.</subfield></datafield><datafield ind1=" " ind2=" " tag="300"><subfield code="a">v.</subfield></datafield><datafield ind1=" " ind2=" " tag="310"><subfield code="a">Weekly</subfield></datafield><datafield ind1="0" ind2=" " tag="362"><subfield code="a">Vol. 1, no. 1 (Apr. 4, 1953)-v. 13, no. 15 (Aug. 17, 1967).</subfield></datafield><datafield ind1=" " ind2="0" tag="651"><subfield code="a">Wantagh (N.Y.)</subfield><subfield code="v">Newspapers.</subfield></datafield><datafield ind1=" " ind2="0" tag="651"><subfield code="a">Seaford (N.Y.)</subfield><subfield code="v">Newspapers.</subfield></datafield><datafield ind1=" " ind2="0" tag="651"><subfield code="a">Nassau County (N.Y.)</subfield><subfield code="v">Newspapers.</subfield></datafield><datafield ind1=" " ind2="7" tag="655"><subfield code="a">Newspapers.</subfield><subfield code="2">fast</subfield><subfield code="0">(OCoLC)fst01423814</subfield></datafield><datafield ind1=" " ind2="7" tag="651"><subfield code="a">New York (State)</subfield><subfield code="z">Nassau County.</subfield><subfield code="2">fast</subfield><subfield code="0">(OCoLC)fst01205518</subfield></datafield><datafield ind1=" " ind2="7" tag="651"><subfield code="a">New York (State)</subfield><subfield code="z">Seaford.</subfield><subfield code="2">fast</subfield><subfield code="0">(OCoLC)fst01203438</subfield></datafield><datafield ind1=" " ind2="7" tag="651"><subfield code="a">New York (State)</subfield><subfield code="z">Wantagh.</subfield><subfield code="2">fast</subfield><subfield code="0">(OCoLC)fst01221262</subfield></datafield><datafield ind1=" " ind2=" " tag="752"><subfield code="a">United States</subfield><subfield code="b">New York</subfield><subfield code="c">Nassau</subfield><subfield code="d">Wantagh.</subfield></datafield><datafield ind1="0" ind2="5" tag="780"><subfield code="t">Southeaster</subfield><subfield code="w">(DLC)sn 96083579</subfield><subfield code="w">(OCoLC)33005356</subfield></datafield><datafield ind1="0" ind2="0" tag="785"><subfield code="t">Wantagh-Seaford citizen</subfield><subfield code="w">(DLC)sn 90066175</subfield><subfield code="w">(OCoLC)21814568</subfield></datafield></record>